{
  "leader": "10344cam a2200649 i 4500",
  "fields": [
    {
      "001": "ocm50235100\\"
    },
    {
      "003": "OCoLC"
    },
    {
      "005": "20230127072003.0"
    },
    {
      "008": "020717s2003\\\\\\\\nyu\\\\\\\\\\\\b\\\\\\\\001\\0\\eng\\\\"
    },
    {
      "010": {
        "ind1": "\\",
        "ind2": "\\",
        "subfields": [
          {
            "a": "  2002029483"
          }
        ]
      }
    },
    {
      "040": {
        "ind1": "\\",
        "ind2": "\\",
        "subfields": [
          {
            "a": "DLC"
          },
          {
            "b": "eng"
          },
          {
            "c": "DLC"
          },
          {
            "d": "BAKER"
          },
          {
            "d": "MUQ"
          },
          {
            "d": "BTCTA"
          },
          {
            "d": "YDXCP"
          },
          {
            "d": "OCLCG"
          },
          {
            "d": "TTU"
          },
          {
            "d": "YOM"
          },
          {
            "d": "IAK"
          },
          {
            "d": "DEBBG"
          },
          {
            "d": "OCL"
          },
          {
            "d": "CDX"
          },
          {
            "d": "OCL"
          },
          {
            "d": "KZK"
          },
          {
            "d": "OCLCQ"
          },
          {
            "d": "ALAUL"
          },
          {
            "d": "OG#"
          },
          {
            "d": "BDX"
          },
          {
            "d": "CQ{dollar}"
          },
          {
            "d": "OCLCO"
          },
          {
            "d": "VP@"
          },
          {
            "d": "OCLCQ"
          },
          {
            "d": "CNNOR"
          },
          {
            "d": "OCLCQ"
          },
          {
            "d": "P4A"
          },
          {
            "d": "OCLCA"
          },
          {
            "d": "VZG"
          },
          {
            "d": "L2U"
          },
          {
            "d": "OCLCQ"
          },
          {
            "d": "VBO"
          },
          {
            "d": "NMC"
          },
          {
            "d": "OCLCQ"
          },
          {
            "d": "TYC"
          },
          {
            "d": "OCLCF"
          },
          {
            "d": "GZM"
          },
          {
            "d": "MCO"
          },
          {
            "d": "OCLCQ"
          },
          {
            "d": "CPO"
          },
          {
            "d": "OCLCQ"
          },
          {
            "d": "ALAUL"
          },
          {
            "d": "OCLCQ"
          },
          {
            "d": "UKMGB"
          },
          {
            "d": "OCLCQ"
          },
          {
            "d": "OCL"
          },
          {
            "d": "EXG"
          },
          {
            "d": "OCLCO"
          },
          {
            "d": "S1C"
          },
          {
            "d": "OCL"
          },
          {
            "d": "ZHC"
          },
          {
            "d": "OCLCO"
          },
          {
            "d": "OKS"
          },
          {
            "d": "OCLCO"
          },
          {
            "d": "SAR"
          },
          {
            "d": "OCLCO"
          },
          {
            "d": "FVC"
          },
          {
            "d": "OCLCQ"
          }
        ]
      }
    },
    {
      "016": {
        "ind1": "7",
        "ind2": "\\",
        "subfields": [
          {
            "a": "012957759"
          },
          {
            "2": "Uk"
          }
        ]
      }
    },
    {
      "019": {
        "ind1": "\\",
        "ind2": "\\",
        "subfields": [
          {
            "a": "1022686734"
          },
          {
            "a": "1201935717"
          }
        ]
      }
    },
    {
      "020": {
        "ind1": "\\",
        "ind2": "\\",
        "subfields": [
          {
            "a": "1558614060"
          },
          {
            "q": "(acid-free paper)"
          }
        ]
      }
    },
    {
      "020": {
        "ind1": "\\",
        "ind2": "\\",
        "subfields": [
          {
            "a": "9781558614062"
          },
          {
            "q": "(acid-free paper)"
          }
        ]
      }
    },
    {
      "020": {
        "ind1": "\\",
        "ind2": "\\",
        "subfields": [
          {
            "a": "1558614079"
          },
          {
            "q": "(pbk. ;"
          },
          {
            "q": "acid-free paper)"
          }
        ]
      }
    },
    {
      "020": {
        "ind1": "\\",
        "ind2": "\\",
        "subfields": [
          {
            "a": "9781558614079"
          },
          {
            "q": "(pbk. ;"
          },
          {
            "q": "acid-free paper)"
          }
        ]
      }
    },
    {
      "020": {
        "ind1": "\\",
        "ind2": "\\",
        "subfields": [
          {
            "a": "1868143945"
          },
          {
            "q": "(Wits University Press)"
          }
        ]
      }
    },
    {
      "020": {
        "ind1": "\\",
        "ind2": "\\",
        "subfields": [
          {
            "a": "9781868143948"
          },
          {
            "q": "(Wits University Press)"
          }
        ]
      }
    },
    {
      "035": {
        "ind1": "\\",
        "ind2": "\\",
        "subfields": [
          {
            "a": "(OCoLC)50235100"
          },
          {
            "z": "(OCoLC)1022686734"
          },
          {
            "z": "(OCoLC)1201935717"
          }
        ]
      }
    },
    {
      "043": {
        "ind1": "\\",
        "ind2": "\\",
        "subfields": [
          {
            "a": "fs-----"
          }
        ]
      }
    },
    {
      "050": {
        "ind1": "0",
        "ind2": "0",
        "subfields": [
          {
            "a": "PR9345"
          },
          {
            "b": ".W66 2003"
          }
        ]
      }
    },
    {
      "050": {
        "ind1": "\\",
        "ind2": "4",
        "subfields": [
          {
            "a": "PL8011"
          },
          {
            "b": ".W64 2004"
          }
        ]
      }
    },
    {
      "050": {
        "ind1": "\\",
        "ind2": "4",
        "subfields": [
          {
            "a": "PL8014"
          },
          {
            "b": ".S68 W66 2009"
          }
        ]
      }
    },
    {
      "055": {
        "ind1": "\\",
        "ind2": "3",
        "subfields": [
          {
            "a": "PL8014.S68"
          },
          {
            "b": "W66 2009"
          }
        ]
      }
    },
    {
      "082": {
        "ind1": "0",
        "ind2": "0",
        "subfields": [
          {
            "a": "820.992870968"
          },
          {
            "b": "WOM"
          }
        ]
      }
    },
    {
      "245": {
        "ind1": "0",
        "ind2": "0",
        "subfields": [
          {
            "a": "Women writing Africa :"
          },
          {
            "b": "the southern region /"
          },
          {
            "c": "edited by M.J. Daymond [and others]."
          }
        ]
      }
    },
    {
      "250": {
        "ind1": "\\",
        "ind2": "\\",
        "subfields": [
          {
            "a": "First edition."
          }
        ]
      }
    },
    {
      "264": {
        "ind1": "\\",
        "ind2": "1",
        "subfields": [
          {
            "a": "New York :"
          },
          {
            "b": "The Feminist Press at the City University of New York,"
          },
          {
            "c": "2003."
          }
        ]
      }
    },
    {
      "300": {
        "ind1": "\\",
        "ind2": "\\",
        "subfields": [
          {
            "a": "xxx, 554 pages ;"
          },
          {
            "c": "24 cm"
          }
        ]
      }
    },
    {
      "336": {
        "ind1": "\\",
        "ind2": "\\",
        "subfields": [
          {
            "a": "text"
          },
          {
            "b": "txt"
          },
          {
            "2": "rdacontent"
          }
        ]
      }
    },
    {
      "337": {
        "ind1": "\\",
        "ind2": "\\",
        "subfields": [
          {
            "a": "unmediated"
          },
          {
            "b": "n"
          },
          {
            "2": "rdamedia"
          }
        ]
      }
    },
    {
      "338": {
        "ind1": "\\",
        "ind2": "\\",
        "subfields": [
          {
            "a": "volume"
          },
          {
            "b": "nc"
          },
          {
            "2": "rdacarrier"
          }
        ]
      }
    },
    {
      "490": {
        "ind1": "1",
        "ind2": "\\",
        "subfields": [
          {
            "a": "The women writing Africa project ;"
          },
          {
            "v": "v. 1"
          }
        ]
      }
    },
    {
      "504": {
        "ind1": "\\",
        "ind2": "\\",
        "subfields": [
          {
            "a": "Includes bibliographical references and index."
          }
        ]
      }
    },
    {
      "505": {
        "ind1": "0",
        "ind2": "0",
        "subfields": [
          {
            "t": "Nineteenth century, Song of the afflicted /"
          },
          {
            "r": "Anonymous --"
          },
          {
            "t": "Testimony /"
          },
          {
            "r": "Kaatje Nieuwveldt --"
          },
          {
            "t": "Letters and land submission /"
          },
          {
            "r": "Emma Sandile --"
          },
          {
            "t": "God's peace and blessing /"
          },
          {
            "r": "Urieta (Johanna Maria) Kazahendike --"
          },
          {
            "t": "Account of Cape Town /"
          },
          {
            "r": "Eliza M. --"
          },
          {
            "t": "A mother praises her baby /"
          },
          {
            "r": "Anonymous --"
          },
          {
            "t": "Unanana-Bosele /"
          },
          {
            "r": "Lydia Umkasetemba --"
          },
          {
            "t": "Affidavit /"
          },
          {
            "r": "Tryn Isaac --"
          },
          {
            "t": "What the maidens do with Rooi Klip /"
          },
          {
            "r": "!Kweiten ta /"
          },
          {
            "r": "/"
          },
          {
            "r": "ken --"
          },
          {
            "t": "Letter to Miss Mackenzie /"
          },
          {
            "r": "Noneko (Hannah) Toney --"
          },
          {
            "t": "The story of Ngangezwe and Mnyamana /"
          },
          {
            "r": "Anonymous --"
          },
          {
            "t": "The war in Zululand /"
          },
          {
            "r": "Anonymous --"
          },
          {
            "t": "Two lions who changed themselves into people and married two Herero girls /"
          },
          {
            "r": "Kambauruma Kazahendike --"
          },
          {
            "t": "Leaving the farm /"
          },
          {
            "r": "Olive Schreiner --"
          },
          {
            "t": "Portrait of Louisa /"
          },
          {
            "r": "Eliza Feilden --"
          },
          {
            "t": "Penelopa Lienguane /"
          },
          {
            "r": "Ade\u0300le Mabille --"
          },
          {
            "t": "Testimony of a school girl /"
          },
          {
            "r": "Susiwe Bengu -- 1900-1919. Journal of the war /"
          },
          {
            "r": "A.M. van den Berg --"
          },
          {
            "t": "Moliege's vengeance /"
          },
          {
            "r": "Minnie Martin --"
          },
          {
            "t": "Ominous weather /"
          },
          {
            "r": "Margarethe von Eckenbrecher --"
          },
          {
            "t": "Court record /"
          },
          {
            "r": "Khami --"
          },
          {
            "t": "Women's petition: domestic unhappiness /"
          },
          {
            "r": "Indian Women's Association --"
          },
          {
            "t": "Letter from Karibib /"
          },
          {
            "r": "Kandjende's sister --"
          },
          {
            "t": "Petition of the Native and Coloured Women of the Province of the Orange Free State /"
          },
          {
            "r": "Native and Coloured Women of the Province of the Orange Free State --"
          },
          {
            "t": "Africa: my native land /"
          },
          {
            "r": "Adelaide Charles Dube --"
          },
          {
            "t": "A \"little woman's\" advice to the public /"
          },
          {
            "r": "Louisa Mvemve --"
          },
          {
            "t": "Baster affidavit /"
          },
          {
            "r": "Sara van Wijk -- 1920s to 1950s. Address to the Resident Commissioner /"
          },
          {
            "r": "Queen Regent Labotsibeni --"
          },
          {
            "t": "Going to school /"
          },
          {
            "r": "Qedabakwabo Moyo --"
          },
          {
            "t": "Listen, compatriots! /"
          },
          {
            "r": "Nontsizi Mgqwetho --"
          },
          {
            "t": "Letter to the High Commissioner /"
          },
          {
            "r": "Baboni Khama, Mmakgama Khama, Milly Khama, and Oratile Sekgoma --"
          },
          {
            "t": "Inheritance: two letters /"
          },
          {
            "r": "Oratile Sekgoma --"
          },
          {
            "t": "Speech to the Bangwaketse /"
          },
          {
            "r": "Ntebogang Ratshosa --"
          },
          {
            "t": "Bantu home life /"
          },
          {
            "r": "Florence Thandiswa Jabavu --"
          },
          {
            "t": "Social conditions among Bantu women and girls /"
          },
          {
            "r": "Charlotte Manye Maxeke --"
          },
          {
            "t": "The story of Nosente /"
          },
          {
            "r": "Nosente of the Umgqwashe --"
          },
          {
            "t": "UMandisa /"
          },
          {
            "r": "Victoria Nombulelo M. Swaartbooi --"
          },
          {
            "t": "Nation is going to ruination /"
          },
          {
            "r": "Unangoroa Maherero, Louisa Kambazeembi, Edla Maherero, Augusta Kambazeembi, Magdalina Katjimune and Hester Keha --"
          },
          {
            "t": "Flight of the royal household /"
          },
          {
            "r": "Paulina Dlamini --"
          },
          {
            "t": "Letter from Keetmanshoop /"
          },
          {
            "r": "Katrina Stephanus, Sofia Labau, Magdalena Vries, Katrina Skeier, Emmillie Adams, Sofia Kloete, Katrina de Klerk, and Lissie Kisting --"
          },
          {
            "t": "Meeting of Herero women /"
          },
          {
            "r": "Andanette Kararaimbe, Gerhartine Kukuri, Gerhartine Tjituka, Natalia Kaheke, Andeline Kathea and Sybil Bowker --"
          },
          {
            "t": "The case of the foolish minister /"
          },
          {
            "r": "Doris M. Wisdom (Lessing) --"
          },
          {
            "t": "Though I am black, I am still comely /"
          },
          {
            "r": "Hamsi (Marie Kathleen Jeffreys) --"
          },
          {
            "t": "Song of King Iipumbu /"
          },
          {
            "r": "Nekwaya Loide Shikongo --"
          },
          {
            "t": "Women's charter /"
          },
          {
            "r": "Federation of South African Women --"
          },
          {
            "t": "Presidential address to the African National Congress Women's League, Transvaal /"
          },
          {
            "r": "Lilian Ngoyi --"
          },
          {
            "t": "Two songs /"
          },
          {
            "r": "Dorothy Masuka --"
          },
          {
            "t": "African women do not want passes /"
          },
          {
            "r": "Cherry Stephana Mogolo Sibeko --"
          },
          {
            "t": "The widows of the reserves /"
          },
          {
            "r": "Phyllis Ntantala --"
          },
          {
            "t": "It's gotta be cash for a cookie /"
          },
          {
            "r": "Marion Morel (Marion Welsh) --"
          },
          {
            "t": "Aunt, stretch out the blanket /"
          },
          {
            "r": "Anonymous -- 1960s and 1970s. The girl Aga-abes /"
          },
          {
            "r": "Helena Namases and Emma Narises --"
          },
          {
            "t": "Diary of a detainee /"
          },
          {
            "r": "Hilda Bernstein (Tandi) --"
          },
          {
            "t": "Past and present /"
          },
          {
            "r": "Lassie Ndondo --"
          },
          {
            "t": "Bus journey to Tsolo /"
          },
          {
            "r": "Noni Jabavu --"
          },
          {
            "t": "Three court statements /"
          },
          {
            "r": "\"Segametsi Molefe\", \"Banabotlhe Kwena\", and \"Matshediso Moeng\" --"
          },
          {
            "t": "The widow and the baboons /"
          },
          {
            "r": "Jane Chifamba --"
          },
          {
            "t": "Ballad of Nomagundwane /"
          },
          {
            "r": "Princess Magogo kaDinuzulu --"
          },
          {
            "t": "For \"Napoleon Bonaparte,\" Jenny, and Kate /"
          },
          {
            "r": "Bessie Head --"
          },
          {
            "t": "What of the future? /"
          },
          {
            "r": "Maureen Kim Sing --"
          },
          {
            "t": "I drift in the wind /"
          },
          {
            "r": "Ingrid Jonker --"
          },
          {
            "t": "I am a wailing fool /"
          },
          {
            "r": "Anonymous --"
          },
          {
            "t": "Murmurs in the Kutum /"
          },
          {
            "r": "Fatima Meer --"
          },
          {
            "t": "Tobacco, sugar, alcohol, and coffee: these things have turned us into slaves /"
          },
          {
            "r": "!Unn/obe --"
          },
          {
            "t": "A man hides food from his family /"
          },
          {
            "r": "Nongenile Masithathu Zenani --"
          },
          {
            "t": "Fall tomorrow /"
          },
          {
            "r": "Gladys Thomas --"
          },
          {
            "t": "The old people give you life /"
          },
          {
            "r": "//Ukxa N!a'an --"
          },
          {
            "t": "Emergency call from the women of Namibia /"
          },
          {
            "r": "Nehambo Magdalena Shamena --"
          },
          {
            "t": "Women are wealth /"
          },
          {
            "r": "Joyce Simango --"
          },
          {
            "t": "Poem for my daughter /"
          },
          {
            "r": "Jennifer Davids --"
          },
          {
            "t": "Detention alone is a trial in itself /"
          },
          {
            "r": "Winnie Madikizela Mandela --"
          },
          {
            "t": "The basking lizard /"
          },
          {
            "r": "MaMhlalise Mkhwanazi --"
          },
          {
            "t": "Working on the Mail /"
          },
          {
            "r": "Joyce Sikhakhane."
          }
        ]
      }
    },
    {
      "505": {
        "ind1": "0",
        "ind2": "0",
        "subfields": [
          {
            "t": "1980s. The rending of the veil /"
          },
          {
            "r": "Lauretta Ngcobo --"
          },
          {
            "t": "The haunting melancholy of Klipvoordam /"
          },
          {
            "r": "Miriam Tlali --"
          },
          {
            "t": "Return journey /"
          },
          {
            "r": "Lily Changfoot --"
          },
          {
            "t": "Arrested for being women /"
          },
          {
            "r": "\"Thandiwe Mhlanga\", Angela Kotler, and Hazel Hall --"
          },
          {
            "t": "Crossroads /"
          },
          {
            "r": "Regina Ntongana --"
          },
          {
            "t": "Kandishiwo -- I don't know /"
          },
          {
            "r": "Nehambo Magdalena Shamena --"
          },
          {
            "t": "The woman /"
          },
          {
            "r": "Kristina Rungano --"
          },
          {
            "t": "Citizenship: an open letter to the Attorney General /"
          },
          {
            "r": "Athaliah Molokomme, Leloba Molema, Opha Dube, Motsei Madisa, Ruth Motsete, and Onalenna Selolwane --"
          },
          {
            "t": "I, the unemployed /"
          },
          {
            "r": "Nise Malange --"
          },
          {
            "t": "The letter /"
          },
          {
            "r": "Tsitsi Dangarembga --"
          },
          {
            "t": "Our Sharpeville /"
          },
          {
            "r": "Ingrid de Kok --"
          },
          {
            "t": "Our government is a glowing ember /"
          },
          {
            "r": "Di//xao = Oma --"
          },
          {
            "t": "For Willy Nyathele /"
          },
          {
            "r": "Mavis Smallberg --"
          },
          {
            "t": "Jesus is Indian /"
          },
          {
            "r": "Agnes Sam --"
          },
          {
            "t": "Children of Namibia /"
          },
          {
            "r": "Mekulu Mukwahongo Ester Kamati --"
          },
          {
            "t": "Praise to our mothers /"
          },
          {
            "r": "Gcina Mhlophe --"
          },
          {
            "t": "T.M.T. [heart] T.B.M.G. /"
          },
          {
            "r": "Joan Hambidge -- 1990s and 2000s. Another story /"
          },
          {
            "r": "Zoe\u0308 Wicomb --"
          },
          {
            "t": "War from within /"
          },
          {
            "r": "Cheche Maseko and Loice Mushore --"
          },
          {
            "t": "Krotoa's story /"
          },
          {
            "r": "Karen Press --"
          },
          {
            "t": "Stella /"
          },
          {
            "r": "Sindiwe Magona --"
          },
          {
            "t": "Giraffe song /"
          },
          {
            "r": "Beh N!a'an --"
          },
          {
            "t": "Nhamiwa's magic stick /"
          },
          {
            "r": "Maria Munsaka --"
          },
          {
            "t": "\"Lend me a dress\": testimonies on education /"
          },
          {
            "r": "Gasethata Segaise, Mmatsheko Pilane, and Motshabi Molefhe --"
          },
          {
            "t": "A broken family /"
          },
          {
            "r": "Nokwanda Sithole --"
          },
          {
            "t": "Two-dream miracle stories /"
          },
          {
            "r": "Cinikile Mazibuko and Makhosazane Nyadi --"
          },
          {
            "t": "Praise to Mbuya Nehanda /"
          },
          {
            "r": "Elizabeth Ncube --"
          },
          {
            "t": "Swazi wedding songs /"
          },
          {
            "r": "Communal --"
          },
          {
            "t": "Izisho Zokusebenza -- work songs /"
          },
          {
            "r": "Communal --"
          },
          {
            "t": "April 27: the first time /"
          },
          {
            "r": "Nadine Gordimer --"
          },
          {
            "t": "Before the beginning /"
          },
          {
            "r": "Mpho 'M'atsepo Nthunya --"
          },
          {
            "t": "The price of freedom /"
          },
          {
            "r": "Ellen Ndeshi Namhila --"
          },
          {
            "t": "Ngonya's bride price /"
          },
          {
            "r": "Colette Mutangadura --"
          },
          {
            "t": "Testimony: Truth and Reconciliation Commission /"
          },
          {
            "r": "Sheila Masote --"
          },
          {
            "t": "We will be leasing for ourselves /"
          },
          {
            "r": "Keamogetswe Kwere and Lesie Kwere --"
          },
          {
            "t": "Writing near the bone /"
          },
          {
            "r": "Yvonne Vera --"
          },
          {
            "t": "African wisdom /"
          },
          {
            "r": "Ellen K. Kuzwayo --"
          },
          {
            "t": "War memoir /"
          },
          {
            "r": "Marevasei Kachere --"
          },
          {
            "t": "The birth of this country's language /"
          },
          {
            "r": "Antjie Krog --"
          },
          {
            "t": "Bojale -- Setswana initiation songs /"
          },
          {
            "r": "Communal --"
          },
          {
            "t": "Intonjane -- Xhosa initiation songs /"
          },
          {
            "r": "Communal --"
          },
          {
            "t": "Mutondo -- Nyemba initiation songs /"
          },
          {
            "r": "NyaMutango (Ntumba Machai) --"
          },
          {
            "t": "Setswana wedding songs /"
          },
          {
            "r": "Communal --"
          },
          {
            "t": "Good as dead /"
          },
          {
            "r": "Elizabeth Dube --"
          },
          {
            "t": "Caring for the dying /"
          },
          {
            "r": "Unity Dow --"
          },
          {
            "t": "Generations /"
          },
          {
            "r": "Yvette Christianse\u0308."
          }
        ]
      }
    },
    {
      "520": {
        "ind1": "\\",
        "ind2": "\\",
        "subfields": [
          {
            "a": "Includes works by Bessie Head, Doris Lessing, Nadine Gordimer, Urieta Kazahendike, Labotsibeni, Sindiwe Magona, Winnie Madikizela Mandela, Emma Sandile, Lydia Umkasetemba, Tryn Isaac, Noneko Toney, Kaatje Nieuwveldt, Adele Mabille, Susiwe Bengu, Kambauruma Kazahendike, Eliza Feilden, Minnie Martin, Khami, Adelaide Charles Dube, Louisa Mvemve, Sara van Vijk, Nontsizi Mgqwetho, Oratile Sekgoma, Ntebogang Ratshosa, Florence Thandiswa Jabavu, Lilian Ngoyi, Joyce Sikhakhane, Miriam Tlali, Regina Ntongana, Kristina Rungano, Agnes Sam, Joan Hambidge, Karen Press, Zoe Wicomb, Maria Munsaka, Marevasei Kachere, Thoko Remigia Makhanya, Colette Mutangadura, Sheila Masote, Elizabeth Ncube, Yvonne Vera, Ellen K. Kuzwayo, Antjie Krog, Elizabeth Dube, Yvette Christianse and others."
          }
        ]
      }
    },
    {
      "650": {
        "ind1": "\\",
        "ind2": "0",
        "subfields": [
          {
            "a": "Southern African literature (English)"
          },
          {
            "x": "Women authors."
          }
        ]
      }
    },
    {
      "650": {
        "ind1": "\\",
        "ind2": "0",
        "subfields": [
          {
            "a": "Women"
          },
          {
            "z": "Africa, Southern"
          },
          {
            "v": "Literary collections."
          }
        ]
      }
    },
    {
      "650": {
        "ind1": "\\",
        "ind2": "0",
        "subfields": [
          {
            "a": "Women"
          },
          {
            "z": "Africa, Southern"
          },
          {
            "x": "History"
          },
          {
            "v": "Sources."
          }
        ]
      }
    },
    {
      "651": {
        "ind1": "\\",
        "ind2": "0",
        "subfields": [
          {
            "a": "Africa, Southern"
          },
          {
            "v": "Literary collections."
          }
        ]
      }
    },
    {
      "651": {
        "ind1": "\\",
        "ind2": "0",
        "subfields": [
          {
            "a": "Africa, Southern"
          },
          {
            "x": "History"
          },
          {
            "v": "Sources."
          }
        ]
      }
    },
    {
      "650": {
        "ind1": "\\",
        "ind2": "7",
        "subfields": [
          {
            "a": "Women."
          },
          {
            "2": "fast"
          },
          {
            "0": "(OCoLC)fst01176568"
          }
        ]
      }
    },
    {
      "651": {
        "ind1": "\\",
        "ind2": "7",
        "subfields": [
          {
            "a": "Southern Africa."
          },
          {
            "2": "fast"
          },
          {
            "0": "(OCoLC)fst01239519"
          }
        ]
      }
    },
    {
      "655": {
        "ind1": "\\",
        "ind2": "7",
        "subfields": [
          {
            "a": "Literature."
          },
          {
            "2": "fast"
          },
          {
            "0": "(OCoLC)fst01921716"
          }
        ]
      }
    },
    {
      "655": {
        "ind1": "\\",
        "ind2": "7",
        "subfields": [
          {
            "a": "History."
          },
          {
            "2": "fast"
          },
          {
            "0": "(OCoLC)fst01411628"
          }
        ]
      }
    },
    {
      "655": {
        "ind1": "\\",
        "ind2": "7",
        "subfields": [
          {
            "a": "Literary collections."
          },
          {
            "2": "fast"
          },
          {
            "0": "(OCoLC)fst01423811"
          }
        ]
      }
    },
    {
      "655": {
        "ind1": "\\",
        "ind2": "7",
        "subfields": [
          {
            "a": "Sources."
          },
          {
            "2": "fast"
          },
          {
            "0": "(OCoLC)fst01423900"
          }
        ]
      }
    },
    {
      "655": {
        "ind1": "\\",
        "ind2": "7",
        "subfields": [
          {
            "a": "Literature."
          },
          {
            "2": "lcgft"
          }
        ]
      }
    },
    {
      "700": {
        "ind1": "1",
        "ind2": "\\",
        "subfields": [
          {
            "a": "Daymond, M. J."
          },
          {
            "q": "(Margaret J.)"
          }
        ]
      }
    },
    {
      "830": {
        "ind1": "\\",
        "ind2": "0",
        "subfields": [
          {
            "a": "Women writing Africa project ;"
          },
          {
            "v": "v. 1."
          }
        ]
      }
    },
    {
      "856": {
        "ind1": "4",
        "ind2": "1",
        "subfields": [
          {
            "3": "Table of contents"
          },
          {
            "u": "http://bvbr.bib-bvb.de:8991/F?func=service&doc_library=BVB01&doc_number=009940536&line_number=0001&func_code=DB_RECORDS&service_type=MEDIA"
          }
        ]
      }
    },
    {
      "856": {
        "ind1": "4",
        "ind2": "2",
        "subfields": [
          {
            "3": "Publisher description"
          },
          {
            "u": "http://catdir.loc.gov/catdir/description/cons041/2002029483.html"
          }
        ]
      }
    },
    {
      "994": {
        "ind1": "\\",
        "ind2": "\\",
        "subfields": [
          {
            "a": "Z0"
          },
          {
            "b": "NYRVC"
          }
        ]
      }
    },
    {
      "948": {
        "ind1": "\\",
        "ind2": "\\",
        "subfields": [
          {
            "h": "NO HOLDINGS IN NYRVC - 890 OTHER HOLDINGS"
          }
        ]
      }
    },
    {
      "999": {
        "ind1": "\\",
        "ind2": "\\",
        "subfields": [
          {
            "a": "00000000039638"
          }
        ]
      }
    }
  ]
}